%################bibliography%################


%############################ Articles ############################
@inproceedings{scott1999feature,
  title={{Feature engineering for text classification}},
  author={Scott, S. and Matwin, S.},
  booktitle={ICML},
  volume={99},
  pages={379--388},
  year={1999}
}

@inproceedings{moschitti2004complex,
  title={{Complex linguistic features for text classification: A comprehensive study}},
  author={Moschitti, A. and Basili, R.},
  booktitle={European Conference on Information Retrieval},
  pages={181--196},
  year={2004},
  organization={Springer}
}

@article{liu2010sentiment,
  title={{Sentiment Analysis and Subjectivity.}},
  author={Liu, B.},
  journal={Handbook of natural language processing},
  volume={2},
  pages={627--666},
  year={2010}
}


@inproceedings{Biro2008LDASpam,
 author = {B\'{\i}r\'{o}, I. and Szab\'{o}, J. and Bencz\'{u}r, A. A.},
 title = {Latent Dirichlet Allocation in Web Spam Filtering},
 booktitle = {Proceedings of the 4th International Workshop on Adversarial Information Retrieval on the Web},
 series = {AIRWeb '08},
 year = {2008},
 isbn = {978-1-60558-159-0},
 location = {Beijing, China},
 pages = {29--32},
 numpages = {4},
 url = {http://doi.acm.org/10.1145/1451983.1451991},
 doi = {10.1145/1451983.1451991},
 acmid = {1451991},
 publisher = {ACM},
 address = {New York, NY, USA},
 keywords = {document classification, feature selection, information retrieval, latent dirichlet allocation, text analysis, web content spam},
}



@article{honnibal2015spacy,
  title={An Improved Non-monotonic Transition System for Dependency Parsing},
  author={Honnibal, M. and Johnson, M.},
  year={2015},
  publisher={Red Hook, New York: The Association for Computational Linguistics}
}


@article{vapnik1995svm,
  title={{Support-Vector Networks}},
  author={Cortes, C. and Vapnik, V.},
  journal={Machine learning},
  volume={20},
  number={3},
  pages={273--297},
  year={1995},
  publisher={Springer}
}

@article{miller1995wordnet,
  title={WordNet: A Lexical Database for English},
  author={Miller, George A},
  journal={Communications of the ACM},
  volume={38},
  number={11},
  pages={39--41},
  year={1995},
  publisher={ACM}
}


@article{peng2005feature,
  title={Feature Selection based on Mutual Information Criteria of Max-Dependency, Max-Relevance, and Min-Redundancy},
  author={Peng, H. and Long, F. and Ding, C.},
  journal={Pattern Analysis and Machine Intelligence, IEEE Transactions on},
  volume={27},
  number={8},
  pages={1226--1238},
  year={2005},
  publisher={IEEE}
}

@article{Fawcett2006ROC,
 author = {Fawcett, T.},
 title = {{An Introduction to ROC Analysis}},
 journal = {Pattern Recogn. Lett.},
 issue_date = {June 2006},
 volume = {27},
 number = {8},
 month = jun,
 year = {2006},
 issn = {0167-8655},
 pages = {861--874},
 numpages = {14},
 url = {http://dx.doi.org/10.1016/j.patrec.2005.10.010},
 doi = {10.1016/j.patrec.2005.10.010},
 acmid = {1159475},
 publisher = {Elsevier Science Inc.},
 address = {New York, NY, USA},
 keywords = {Classifier evaluation, Evaluation metrics, ROC analysis},
} 

@inproceedings{mani2003knn,
  title={{kNN Approach to Unbalanced Data Distributions: a Case Study nvolving Information Extraction}},
  author={Mani, I. and Zhang, I.},
  booktitle={Proceedings of workshop on learning from imbalanced datasets},
  year={2003}
}

@book{laurikkala2001improving,
  title={{Improving Identification of Difficult Small Classes by Balancing Class Distribution}},
  author={Laurikkala, J.},
  year={2001},
  publisher={Springer}
}

@article{chawla2002smote,
  title={{SMOTE: Synthetic Minority Over-Sampling Technique}},
  author={Chawla, N. V. and Bowyer, K. W. and Hall, L. O. and Kegelmeyer, W. P.},
  journal={Journal of artificial intelligence research},
  pages={321--357},
  year={2002}
}

@article{BrinPageGoogleAnatomy2012,
  title={{Reprint of: The Anatomy of a Large-Scale Hypertextual Web Search Engine}},
  author={S. Brin and L. Page},
  journal={Computer networks},
  volume={56},
  number={18},
  pages={3825--3833},
  year={2012},
  publisher={Elsevier}
}

@article{Polikar2006PR,
  title={{Pattern Recognition}},
  author={R. Polikar},
  journal={Wiley Encyclopedia of Biomedical Engineering},
  year={2006}
}

@conference{Ribeiro2015CFD,
author={B. M. Ribeiro and A. Sung and D. Suryakumar and R. Basnet},
title={{The Critical Feature Dimension and Critical Sampling Problems}},
booktitle={Proceedings of the International Conference on Pattern Recognition Applications and Methods},
year={2015},
pages={360-366},
doi={10.5220/0005282403600366},
isbn={978-989-758-076-5},
}

@article{daelemansMBT1996,
  title={{MBT: A Memory-Based Part of Speech Tagger-Generator}},
  author={Daelemans, W. and Zavrel, J. and Berck, P. and Gillis, S.},
  journal={arXiv preprint cmp-lg/9607012},
  year={1996}
}

@inproceedings{TjongCoNLL2003,
   author     = {Tjong Kim Sang, E. and De Meulder, F.},
   title      = {{Introduction to the CoNLL-2003 Shared Task: 
                 Language-Independent Named Entity Recognition}},
   booktitle  = "Proceedings of CoNLL-2003",
   editor     = "Walter Daelemans and Miles Osborne",
   publisher  = "Edmonton, Canada",
   pages      = "142--147",
   year       = "2003"
}

@inproceedings{FlorianConll2003,
   author     = {{R. Florian, A. Ittycheriah, 
                 H. Jing and T. Zhang}},
   title      = {{Named Entity Recognition through Classifier Combination}},
   booktitle  = "Proceedings of CoNLL-2003",
   editor     = "Walter Daelemans and Miles Osborne",
   publisher  = "Edmonton, Canada",
   pages      = "168--171",
   year       = "2003"
}

@InProceedings{habibCE2013,
 author = {Mena Habib and Maurice Van Keulen and Zhemin Zhu},
 title = {Concept Extraction Challenge: {U}niversity of {T}wente at {\#MSM2013}},
 pages = {17--20},
 booktitle = {Making Sense of Microposts {(\#MSM2013)} Concept Extraction Challenge},
 year = 2013,
 keywords = {Named Entity Extraction, Named Entity Classification, Social Media Analysis, Twitter Messages},
 url = {http://ceur-ws.org/Vol-1019/paper_14.pdf},
 }

@article{MitchellPennTreebank1993,
 author = {Marcus, M. P. and Marcinkiewicz, M. and Santorini, B.},
 title = {{Building a Large Annotated Corpus of English: The Penn Treebank}},
 journal = {Comput. Linguist.},
 issue_date = {June 1993},
 volume = {19},
 number = {2},
 month = jun,
 year = {1993},
 issn = {0891-2017},
 pages = {313--330},
 numpages = {18},
 url = {http://dl.acm.org/citation.cfm?id=972470.972475},
 acmid = {972475},
 publisher = {MIT Press},
 address = {Cambridge, MA, USA},
} 

@article{PageBrinPageRank1999,
  title={{The PageRank Citation Ranking: Bringing Order to the Web.}},
  author={{L. Page, S. Brin, R. Motwani and T. Winograd}},
  year={1999},
  publisher={Stanford InfoLab}
}

@inproceedings{replab2013overview,
  title = {{Overview of RepLab 2013: Evaluating Online Reputation Monitoring Systems}},
  author = {Amig{\'o}, E. and {Carrillo de Albornoz}, J. and Chugur, I. and Corujo, A. and Gonzalo, J. and Mart{\'i}n, T. and Meij, E. and de Rijke, M. and Spina, D.},
  pages = {333--352},
  booktitle = {{Proceedings of the Fourth International  Conference of the CLEF initiative}},
  year = {2013}
}



@article{Kent1955PrecisionRecall,
	title		={{Machine Literature Searching VIII. Operational Criteria for Designing Information Retrieval Systems.}},
	author		={{A. Kent, M. Berry, F. Jr. and J. Perry}},
	journal		={{Journal of the Association for Information Science and Technology}},
	volume		={6},
	number		={2},
	pages		={93--101},
	year		={1955},
}

@article{Smedt2012Pattern,
	title		={{Pattern for Python}},
	author		={{T. D. Smedt and W. Daelemans}},
	journal		={{The Journal of Machine Learning Research}},
	volume		={13},
	number		={1},
	pages		={2063--2067},
	year		={2012},
	publisher	={JMLR. org}
}

@article{Kosala2000WebMining,
	title={{Web Mining Research: A Survey}},
	author={{R. Kosala and H. Blockeel}},
	journal={Association for Computer Machinery SIGKDD Explorations},
	volume={2},
	number={1},
	pages={1-15},
	year={2000},
	publisher={ACM}
}
@article{Irfan2015SurveySocialMining,
	title={{A Survey on Text Mining in Social Networks}},
	author={{R. Irfan, C. King, D. Grages, S. Ewen, S. Khan, S. Madani, J. Kolodziej, L. Wang, D. Chen and A. Rayes}},
	journal={{The Knowledge Engineering Review}},
	volume={30},
	number={02},
	pages={157--170},
	year={2015},
	publisher={Cambridge Univ Press}
}

@article{Mostafa2013MoreThanWords,
	title={{More Than Words: Social Networksâ€™ Text Mining for Consumer Brand Sentiments}},
	author={{M. Mostafa}},
	journal={{Expert Systems with Applications}},
	volume={40},
	number={10},
	pages={4241-4251},
	year={2013},
	publisher={Elsevier}
}

@article{Irfan2015SurveyTextMiningSN,
	title = {{A Survey on Text Mining in Social Networks}},
	author = {{R. Irfan, C. King, D. Grages, S. Ewen, S. Khan, S. Madani, J. Kolodziej, L. Wang, D. Chen, A. Rayes, N. Tziritas, C. Xu, A. Zomaya, A. Saeed and H. Li}},
	journal = {{The Knowledge Engineering Review}},
	volume = {30},
	number = {2},
	pages = {157--170},
	year = {2015}
}

@article{Lewis2004ReuterBenchmark,
	author = {{D. Lewis, Y. Yang, T. Rose and F. Li}},
	title = {{RCV1: A New Benchmark Collection for Text Categorization Research}},
	journal = {The Journal of Machine Learning Research},
	volume = {5},
	year = {2004},
	pages = {361--397}
} 

@article{Yu2012SurveyPredictionSM,
	author    = {{S. Yu and S. Kak}},
	title     = {{A Survey of Prediction Using Social Media}},
	journal   = {Computing Research Repository},
	year      = {2012},
}

@article{Niharika2012TC,
	title={{A Survey on Text Categorization}},
	author={{S. Niharika, V. Latha and D. Lavanya}},
	journal={International Journal of Computer Trends and Technology},
	volume={3},
	number={1},
	year={2012}
}

@article{Aas1999CategorizationSurvey,
	title={{Text Categorization: A Survey}},
	author={{K. Aas and L. Eikvil}},
	journal={Norwegian Computing Center Mimeograph},
	year={1999}
}

@article{Patra2013SurveyTCAlgorithms,
	author = {{A. Patra and D. Singh}},
	title = {{A Survey Report on Text Classification with Different Term Weighing Methods and Comparison between Classification Algorithms}},
	journal = {International Journal of Computer Applications},
	year = {2013},
	volume = {75},
	number = {7},
	pages = {14-18},
}

@article{Korde2012TC_Classifiers,
	title={{Text Classification and Classifiers: A Survey}},
	author={{V. Korde and C. Mahender}},
	journal={International Journal of Artificial Intelligence \& Applications},
	volume={3},
	number={2},
	pages={85--99},
	year={2012}
}

@article{Nirmala2013TC_SN,
	title={{A Survey on Text Categorization in Online Social Networks}},
	author={{K. Nirmala, S. Kumar and J. Vellingiri}},
	journal={International Journal of Emerging Technology and Advanced Engineering},
	volume={3},
	number={9},
	pages={446-450},
	year={2013}
}

@article{Derczynski2015NER,
	title = {{Analysis of Named Entity Recognition and Linking for Tweets}},
	author = {{L. Derczynski, D. Maynard, G. Rizzo, M. Erp, G. Gorrell, R. Troncy, J. Petrak and K. Bontcheva}},
	journal = {{Information Processing \& Management}},
	volume = {51},
	number = {2},
	pages = {32 - 49},
	year = {2015},
}

@article{Tatar2014SurveyPredictionWebContent,
	title={{A Survey on Predicting the Popularity of Web Content}},
	author={{A. Tatar, M. Amorim, S. Fdida and P. Antoniadis}},
	journal={Journal of Internet Services and Applications},	
	volume={5},
	number={1},
	year={2014},
}

@article{Saracevic2007RelevanceReview,
  title={{Relevance: A Review of the Literature and a Framework for Thinking on the Notion in Information Science. Part III: Behavior and Effects of Relevance}},
  author={{T. Saracevic}},
  journal={{Journal of the American Society for Information Science and Technology}},
  volume={58},
  number={13},
  pages={2126--2144},
  year={2007},
}

@article{Ferrucci2004UIMA,
 author = {{D. Ferrucci and A. Lally}},
 title = {{UIMA: An Architectural Approach to Unstructured Information Processing in the Corporate Research Environment}},
 journal = {{Natural Language Engineering}},
 volume = {10},
 number = {3-4},
 month = {September},
 year = {2004},
 pages = {327--348},
 numpages = {22},
} 

@article{Ling2006MontyLinguaReview,
  author    = {{M. Ling}},
  title     = {{An Anthological Review of Research Utilizing MontyLingua, a Python-Based
               End-to-End Text Processor}},
  journal   = {{Computing Research Repository}},
  year      = {2006},
}

@article{nadkarni2011NLPIntro,
  title={{Natural Language Processing: An Introduction}},
  author={{P. Nadkarni, L. Ohno-Machado and W. Chapman}},
  journal={Journal of the American Medical Informatics Association},
  volume={18},
  number={5},
  pages={544--551},
  year={2011},
}

@article{Sebastiani2002MLTC,
 author = {{F. Sebastiani}},
 title = {{Machine Learning in Automated Text Categorization}},
 journal = {{ACM Computing Surveys}},
 volume = {34},
 number = {1},
 month = {Mars},
 year = {2002},
 pages = {1--47},
}

@article{Wong2008Dirtytexts,
  author    = {{W. Wong, W. Liu and M. Bennamoun}},
  title     = {{Enhanced Integrated Scoring for Cleaning Dirty Texts}},
  journal   = {Computing Research Repository},
  year      = {2008},
}

@article{HenrÃ­quez2008NormalizationChat,
	title = {{A Ngram-based Statistical Machine Translation Approach for Text Normalization on Chat-speak Style Communications}},
    author = {{C. HenrÃ­quez and  A. HernÃ¡ndez}},
	journal	= {{Content Analysis for the Web 2.0}},
  	month 	= {April},
    year={2009}
    
}







%############################ Conference Papers ############################
@inproceedings{Clark2003preprocessing,
  title={{Pre-processing very noisy text}},
  author={{A. Clark}},
  booktitle={{Proceedings of Workshop on Shallow Processing of Large Corpora}},
  address		= {{Lancaster University, United Kingdom}},
  month		= {{March}},
  pages={12--22},
  year={2003}
}


@inproceedings{Saracevic2012QualityInformation,
 author = {{ T. Saracevic}},
 title = {{Keynote Address - Quality of Information: Considerations for Library and Information Services in the Networked World}},
 booktitle = {{Proceedings of the tenth International Conference on University Libraries }},
 year = {2012},
 address = {Mexico City, Mexico},
}

@inproceedings{Bontcheva2013TwitIE,
	title		={{TwitIE: An Open-Source Information Extraction Pipeline for Microblog Text}},
	author		={{K. Bontcheva, L. Derczynski, A. Funk, M. Greenwood, D. Maynard and N. Aswani}},
	booktitle	={{Proceedings of Recent Advances in Natural Language Processing}},
	address		= {{Hissar, Bulgaria}},
	month		= {{July}},
	year		={2013},
	pages		={83-90},
}

@inproceedings{Ritter2011TwitterNLP,
	title		={{Named Entity Recognition in Tweets: An Experimental Study}},
	author		={{A. Ritter, S. Clark and O. Etzioni}},
	booktitle	={{Proceedings of the Conference on Empirical Methods in Natural Language Processing}},
	address		={{Edinburgh, Scotland}},
	month		={{July}},
	year		={2011},
	pages		={1524-1534}
}

@inproceedings{Ting2008WebSocialTechniques,
	title={{Web Mining Techniques for On-line Social Networks Analysis}},
	author={I. Ting},
	booktitle={Proceedings of the International Conference on Service Systems and Service Management},
	address={{Melbourne, Australia}},
	month={{June}},
	year={2008},
	pages={1-5}
}

@inproceedings{Hotho2005TextMiningSurvey,
  title={{A Brief Survey of Text Mining.}},
  author={{A. Hotho, A. N{\"u}rnberger and G. Paa{\ss}}},
  booktitle={Proceedings of the LDV Forum},
  month={May},
  year={2005},
  pages={19-62},
}

@inproceedings{Choi2015DependencyParserComparison,
	title		={{It Depends: Dependency Parser Comparison Using A Web-based Evaluation Tool}},
	author		={{J. D. Choi, J. Tetreault  and A. Stent}},
	booktitle	= {{Proceedings of the Annual Meeting of the Association for Computational Linguistics and the 7th International Joint Conference on Natural Language Processing}},
	address       = {{Beijing, China}},
	month         = {{July}},
	year          = {{2015}},
	pages         = {{387-396}}
}

@inproceedings{Allen2002TextGenerality,
	author = {{R. Allen and Y. Wu}},
	title = {{Generality of Texts}},
	booktitle = {Proceedings of the 5th International Conference on Asian Digital Libraries: Digital Libraries: People, Knowledge, and Technology},
	address = {London, United Kingdom},
	month={December},
	year = {2002},
	pages = {111--116},
} 

@inProceedings{Wu2013MeasuringInformativeness,
	author    = {{Z. Wu and C. Giles}},
	title     = {{Measuring Term Informativeness in Context}},
	booktitle = {Proceedings of the 2013 Conference of the North American Chapter of the Association for Computational Linguistics: Human Language Technologies},
	month     = {June},
	year      = {2013},
	address   = {Atlanta, Georgia},
	pages     = {259--269}
}

@inproceedings{Hong2011PredictingTwitter,
	author = {{L. Hong and B. Davison}},
	title = {{Predicting Popular Messages in Twitter}},
	booktitle = {Proceedings of the 20th International Conference Companion on World Wide Web},
	month={March},
	year = {2011},
	pages = {57--58},
	address = {Hyderabad, India}
} 

@inproceedings{Yadav2015TextFiltration,
	author={{S. Yadav and B. Parne}},
	title={{A Survey on Different Text Categorization Techniques for Text Filtration}},
	booktitle={Proceeding of the 9th International Conference on Intelligent Systems and Control},
	month={January},
	year={2015},
	pages={1-5},
	address={Coimbatore, India},
}

@inproceedings{Sankaranarayanan2009TwitterStand,
	author = {{J. Sankaranarayanan, H. Samet, B. Teitler, M. Lieberman and J.  Sperling}},
	title = {{TwitterStand: News in Tweets}},
	booktitle = {{Proceedings of the 17th ACM SIGSPATIAL International Conference on Advances in Geographic Information Systems}},
	month={November},
	year = {2009},
	pages = {42--51},
	address = {Seattle, Washington},
} 

@inproceedings{YervaFruits2011,
	author = {{S. Yerva, Z. Mikl\'{o}s and K. Aberer}},
	title = {{What Have Fruits to Do with Technology? The Case of Orange, Blackberry and Apple}},
	booktitle = {Proceedings of the International Conference on Web Intelligence, Mining and Semantics},
	month={May},
	year = {2011},
	address = {Sogndal, Norway},
	pages = {1--10},
	address = {New York, NY, USA},
} 

@inproceedings{Bodendorf2009DectectingOpinion,
	author = {{F. Bodendorf and C. Kaiser}},
	title = {{Detecting Opinion Leaders and Trends in Online Social Networks}},
	booktitle = {{Proceedings of the 2nd ACM Workshop on Social Web Search and Mining}},
	month={November},
	year = {2009},
	address = {Hong Kong, China},
	pages = {65--68},
} 

@inproceedings{Suh2010Retweeted,
	author = {{B. Suh, L. Hong, P. Pirolli and  Ed. Chi}},
	title = {{Want to Be Retweeted? Large Scale Analytics on Factors Impacting Retweet in Twitter Network}},
	booktitle = {Proceedings of the 2010 IEEE Second International Conference on Social Computing},
	month={August},
	year = {2010},
	address = {Washington, United States},
	pages = {177--184},
}

@inproceedings{Akshay2012RankingImportance,
	author = {{A. Maan and A. James}},
	title = {{Ranking Importance Based Information on the World Wide Web}},
	booktitle = {{Proceedings of the International Conference on Advances in Computing, Communications and Informatics}},
	month={August},
	year = {2012},
	address = {Chennai, India},
	pages = {889--897},
}

@inproceedings{Bandari2012ForecastingPopularity,
  title={{The Pulse of News in Social Media: Forecasting Popularity.}},
  author={{R. Bandari, S. Asur and B. Huberman}},
  booktitle={Proceedings of the 6th International AAAI Conference on Web and Social Media},
  month={June},
  year={2012},
  address={Dublin, Ireland},
  pages={26--33},
}

@inproceedings{Erp2013NER_NERD_ML,
	author    = {{M. Erp, G. Rizzo and R. Troncy}},
	title     = {{Learning with the Web: Spotting Named Entities on the Intersection of {NERD} and Machine Learning}},
	booktitle = {Proceedings of the Concept Extraction Challenge at the Workshop on 'Making Sense of Microposts' co-located with the 22nd International World Wide Web Conference},
	month = {May},
	year      = {2013},
	address = {Rio de Janeiro, Brazil},
	pages     = {27--30},
}

@inproceedings{Rizzo2012NERDTool,
	author    = {G. Rizzo and R. Troncy},
	title     = {{NERD: A Framework for Unifying Named Entity Recognition and Disambiguation Extraction Tools}},
	booktitle = {Proceeding of the 13th Conference of the European Chapter of the Association for Computational Linguistics},
	month     = {April},
	year      = {2012},
	address = {Avignon, France},
	pages     = {73--76},
}

@inproceedings{Han2011NormalisationTextMessages,
	author = {{B. Han and T. Baldwin}},
	title = {{Lexical Normalisation of Short Text Messages: Makn Sens a \#Twitter}},
	booktitle = {Proceedings of the 49th Annual Meeting of the Association for Computational Linguistics: Human Language Technologies},
	month={June},
	year = {2011},
	address = {Portland, Oregon},
	pages = {368--378}
}

@inproceedings{Cano2014NEEL,
	author = {{A.Cano, G. Rizzo, A. Varga, M. Rowe, M. Stankovic and A. Dadzie}},
	booktitle = {{Proceedings of the 4th Workshop on Making Sense of Microposts}},
	title = {{Making sense of microposts: (\#Microposts2014) Named Entity Extraction \& Linking Challenge}},
	month = {April},
	year = {2014},
	address={Seoul, Korea},
	pages = {54--60}
}

@inproceedings{Asur2010PredictingFutureSM,
	author = {{S. Asur and B. Huberman}},
	title = {{Predicting the Future with Social Media}},
	booktitle = {Proceedings of the 2010 IEEE/WIC/ACM International Conference on Web Intelligence and Intelligent Agent Technology},
	month={September},
	year = {2010},
	address = {Toronto, Canada},
	pages = {492--499}
} 

@inproceedings{Kim2011VirtualTemperature,
	author = {{S. Kim, S. Kim and H. Cho}},
	title = {{Predicting the Virtual Temperature of Web-Blog Articles As a Measurement Tool for Online Popularity}},
	booktitle = {Proceedings of the 2011 IEEE  11th International Conference on Computer and Information Technology},
	month={September},
	year = {2011},
	pages = {449--454},
	address = {Paphos, Cyprus},
} 

@inproceedings{Allan2005TopicDetection,
	author = {{J. Allan, S. Harding, D. Fisher, A. Bolivar, S. Guzman-Lara, Sergio and P. Amstutz}},
	title = {{Taking Topic Detection From Evaluation to Practice}},
	booktitle = {Proceedings of the Proceedings of the 38th Annual Hawaii International Conference on System Sciences},
	month={January},
	year = {2005},
	pages = {101.1--},
	address = {Big Island, Hawaii},
} 

@inproceedings{Speriosu2011TwitterPolarity,
	author = {{M. Speriosu, N. Sudan, S. Upadhyay and J. Baldridge}},
	title = {{Twitter Polarity Classification with Label Propagation over Lexical Links and the Follower Graph}},
	booktitle = {Proceedings of the First Workshop on Unsupervised Learning in NLP},
	month={July},
	year = {2011},
	pages = {53--63},
	address = {Edinburgh, Scotland},
} 

@inproceedings{Lee2011TrendingTopic,
	author = {{K. Lee, D. Palsetia, R. Narayanan, Md. Ali, A. Agrawal and A. Choudhary}},
	title = {{Twitter Trending Topic Classification}},
	booktitle = {Proceedings of the 2011 IEEE 11th International Conference on Data Mining Workshops},
	month={December},
	year = {2011},
	pages = {251--258},},
	address = {Vancouver, Canada},
} 

@inproceedings{Saracevic2015Relevance,
	author = {{T. Saracevic}},
	title = {{Why is Relevance Still the Basic Notion in Information Science? (Despite Great Advances in Information Technology)}},
	booktitle = {Proceedings of the International Symposium on Information Science},
	month={May},
	year = {2015},
	address = {Zadar, Croatia},
} 

@inproceedings{Saracevic1996RelevanceReconsidered,
	author={{T. Saracevic}},
  	title={{Relevance Reconsidered}},
    booktitle={{Information Science: Integration in Perspectives. In Proceedings of the 2nd Conference on Conceptions of Library and Information Science}},
    volume={1},
    number={02},
    pages={201--218},
    year={1996},
    address={Copenhagen, Denmark}
}

@inproceedings{Cunningham2002GATE,
 author = {{H. Cunningham and D. Maynard and K. Bontcheva and V. Tablan}},
 title = {{GATE: An Architecture for Development of Robust HLT Applications}},
 booktitle = {Proceedings of the 40th Annual Meeting on Association for Computational Linguistics},
 year = {2002},
 address = {Philadelphia, Pennsylvania},
 pages = {168--175},
 numpages = {8},
 publisher = {Association for Computational Linguistics}
} 

@inproceedings{Manning2014CoreNLP,
  title={{The Stanford CoreNLP Natural Language Processing Toolkit}},
  author={{C. Manning, M. Surdeanu, J. Bauer, J. Finkel, J. Bethard and D. McClosky}},
  booktitle={Proceedings of 52nd Annual Meeting of the Association for Computational Linguistics: System Demonstrations},
  address={{Baltimore, USA}},
  pages={55--60},
  year={2014}
}

@inproceedings{Popel2010TectoMT,
  title={{TectoMT: Modular NLP Framework}},
  author={{M. Popel and Z. {\v{Z}}abokrtsk{\`y}}},
  booktitle={{Proceedings of the 7th International Conference on Natural Language Processing}},
  address={{ReykjavÃ­k, Iceland}},
  month={{August}},
  pages={293--304},
  year={2010}
}

@inproceedings{Wilcock2009Pipelines,
  title={{Linguistic Processing Pipelines: Problems and Solutions}},
  author={G. Wilcock},
  booktitle={{Book of Abstracts GSCL Workshop: Linguistic Processing Pipelines}},
  year={2009},
}

@inproceedings{Gimpel2011TweetNLP,
 author = {{K. Gimpel, N. Schneider, B. O'Connor, D. Das, D. Mills, J. Eisenstein, M. Heilman, D. Yogatama, J. Flanigan and N. Smith}},
 title = {{Part-of-speech Tagging for Twitter: Annotation, Features, and Experiments}},
 booktitle = {{Proceedings of the 49th Annual Meeting of the Association for Computational Linguistics: Human Language Technologies: Short Papers - Volume 2}},
 year = {2011},
 address = {Portland, Oregon},
 pages = {42--47},
 numpages = {6},
} 


@inproceedings{Bird2006NLTK,
 author = {{S. Bird}},
 title = {{NLTK: The Natural Language Toolkit}},
 booktitle = {{Proceedings of the COLING/ACL on Interactive Presentation Sessions}},
 series = {COLING-ACL '06},
 year = {2006},
 address = {Sydney, Australia},
 pages = {69--72},
 numpages = {4},
} 

@article{scikit-learn,
 title={{Scikit-learn: Machine Learning in {P}ython}},
 author={Pedregosa, F. and Varoquaux, G. and Gramfort, A. and Michel, V.
         and Thirion, B. and Grisel, O. and Blondel, M. and Prettenhofer, P.
         and Weiss, R. and Dubourg, V. and Vanderplas, J. and Passos, A. and
         Cournapeau, D. and Brucher, M. and Perrot, M. and Duchesnay, E.},
 journal={Journal of Machine Learning Research},
 volume={12},
 pages={2825--2830},
 year={2011}
}

@inproceedings{Loper2002NLTK,
 author = {{E. Loper and S. Bird}},
 title = {{NLTK: The Natural Language Toolkit}},
 booktitle = {{Proceedings of the ACL-02 Workshop on Effective Tools and Methodologies for Teaching Natural Language Processing and Computational Linguistics - Volume 1}},
 series = {ETMTNLP '02},
 year = {2002},
 address = {Philadelphia, Pennsylvania},
 pages = {63--70},
 numpages = {8},
}

@inproceedings{Bilhaut2006LinguaStream,
 author = {{F. Bilhaut and A. Widl\"{o}cher}},
 title = {{LinguaStream: An Integrated Environment for Computational Linguistics Experimentation}},
 booktitle = {{Proceedings of the 11th Conference of the European Chapter of the Association for Computational Linguistics: Posters \&\#38; Demonstrations}},
 series = {EACL '06},
 year = {2006},
 address = {Trento, Italy},
 pages = {95--98},
 numpages = {4},
} 

@inproceedings{Radziszewski2011WCCL,
  author = {{A. Radziszewski, A. Wardy\'{n}ski and T {\'{S}}niatowski}},
  title = {{{WCCL}: A Morpho-syntactic Feature Toolkit}},
  booktitle = {{Proceedings of the Balto-Slavonic Natural Language Processing Workshop (BSNLP 2011)}},
  year = {2011},
}

@inproceedings{rosenthal2015SemEval,
  author    = {Rosenthal, S.  and  Nakov, P.  and  Kiritchenko, S.  and  Mohammad, S.  and  Ritter, A.  and  Stoyanov, V.},
  title     = {{SemEval-2015 Task 10: Sentiment Analysis in Twitter}},
  booktitle = {Proceedings of the 9th International Workshop on Semantic Evaluation (SemEval 2015)},
  month     = {June},
  year      = {2015},
  address   = {Denver, Colorado},
  publisher = {Association for Computational Linguistics},
  pages     = {451--463},
  url       = {http://www.aclweb.org/anthology/S15-2078}
}

@inproceedings{gonzalez2015Colloquialanalysis,
  title={{An Analysis of Twitter Corpora and the Difference between Formal and Colloquial tweets}},
  author={Gonz{\'a}lez Berm{\'u}dez, M.},
  booktitle={Proceedings of the Tweet Translation Workshop 2015},
  pages={1--7},
  year={2015},
  organization={CEUR-WS. org}
}

@inproceedings{Dlugolinsk2013CombiningNER,
  title={{Combining Named Enitity Recognition Tools}},
  author={Dlugolinsk{\'y}, {\v{S}}. and Krammer, P. and Ciglan, M. and Laclav{\'i}k, M. and Hluch{\'y}, L.},
  booktitle={{Making Sense of Microposts (\# MSM2013)}},
  address={Rio de Janeiro, Brazil},
  month={May},
  year={2013},
}

@inproceedings{dlugolinsky2013evaluation,
  title={{Evaluation of Named Entity Recognition Tools on Microposts}},
  author={Dlugolinsky, S. and Ciglan, M. and Laclavik, M.},
  booktitle={{Intelligent Engineering Systems (INES), 2013 IEEE 17th International Conference on}},
  pages={197--202},
  address={San Jose, Costa Rica},
  month={June},
  year={2013},
  organization={IEEE},
}

@inproceedings{godin2013leveraging,
  title={{Leveraging Existing Tools for Named Entity Recognition in Microposts}},
  author={Godin, F. and Debevere, P. and Mannens, E. and De Neve, W. and Van de Walle, R.},
  booktitle={{Making Sense of Microposts (\# MSM2013)}},
  pages={36--39},
  address={Rio de Janeiro, Brazil},
  month={May},
  year={2013}
}

@article{rizzo2012nerd,
  title={{NERD meets NIF: Lifting NLP Extraction Results to the Linked Data Cloud}},
  author={Rizzo, G and Troncy, R. and Hellmann, S. and Bruemmer, M.},
  journal={LDOW},
  volume={937},
  year={2012}
}

@inproceedings{rizzo2014benchmarking,
  title={{Benchmarking the Extraction and Disambiguation of Named Entities on the Semantic Web}},
  author={Rizzo, G. and van Erp, M. and Troncy, R.},
  booktitle={International Conference on Language Resources and Evaluation},
  pages={4593--4600},
  year={2014}
}

@inproceedings{Garcia2015Slate,
	Author = {Garcia, M. and Gamallo, P.},
	Booktitle = {Languages, Applications and Technologies -- Revised Selected Papers of 4th International Symposium SLATE, Madrid, Spain, June 2015},
	Pages = {65--75},
	Publisher = {Springer},
	Series = {CCIS},
	Title = {{Yet Another Suite of Multilingual NLP Tools}},
	Year = {2015}
}

@inproceedings{rodriquez2012comparison,
  title={{Comparison of Named Entity Recognition Tools for Raw OCR Text}},
  author={Rodriquez, K. Joseba and Bryant, M. and Blanke, T. and Luszczynska, M.},
  booktitle={KONVENS},
  pages={410--414},
  address={Vienna, Austria},
  year={2012}
}

@inproceedings{atdag2013comparison,
  title={{A Comparison of Named Entity Recognition Tools Applied to Biographical Texts}},
  author={Atdag, S. and Labatut, V.},
  booktitle={Systems and Computer Science (ICSCS), 2013 2nd International Conference on},
  pages={228--233},
  address={Villeneuve d'Ascq, France},
  month={August},
  year={2013},
  organization={IEEE}
}

@InProceedings{Preslav2013SemEval,
  author    = {Nakov, P.  and  Rosenthal, S.  and  Kozareva, Z.  and  Stoyanov, V.  and  Ritter, A.  and  Wilson, T.},
  title     = {{SemEval-2013 Task 2: Sentiment Analysis in Twitter}},
  booktitle = {Second Joint Conference on Lexical and Computational Semantics (*SEM), Volume 2: Proceedings of the Seventh International Workshop on Semantic Evaluation (SemEval 2013)},
  month     = {June},
  year      = {2013},
  address   = {Atlanta, Georgia, USA},
  publisher = {ACL Press},
  pages     = {312--320}
}

@inproceedings{Bharath2010TwitterFiltering,
 author = {Sriram, B. and Fuhry, D. and Demir, E. and Ferhatosmanoglu, H. and Demirbas, M.},
 title = {{Short Text Classification in Twitter to Improve Information Filtering}},
 booktitle = {Proceedings of the 33rd International ACM SIGIR Conference on Research and Development in Information Retrieval},
 series = {SIGIR '10},
 year = {2010},
 isbn = {978-1-4503-0153-4},
 location = {Geneva, Switzerland},
 pages = {841--842},
 numpages = {2},
 doi = {10.1145/1835449.1835643},
 acmid = {1835643},
 publisher = {ACM},
 address = {New York, NY, USA},
 keywords = {classification, feature selection, short text, twitter}
} 

@inproceedings{Ritter2012OpenDomain,
	Author = {Ritter, A. and Mausam and Etzioni, O. and Clark, S.},
	Booktitle = {Proceedings of 18th ACM SIGKDD International Conference on Knowledge Discovery and Data Mining},
	Ee = {http://doi.acm.org/10.1145/2339530.2339704},
	Isbn = {978-1-4503-1462-6},
	Keywords = {dblp},
	Pages = {1104-1112},
	Publisher = {ACM},
	Series = {KDD'12},
	Title = {{Open domain event extraction from {T}witter}},
	Year = 2012
}

@incollection{Fernandes2015PredictingPopularity,
	author={{K. Fernandes, P. Vinagre and P. Cortez}},
	title={{A Proactive Intelligent Decision Support System for Predicting the Popularity of Online News}},
	booktitle={{Progress in Artificial Intelligence}},
	year={2015},
	pages={535-546},
	volume={9273},
	series={Lecture Notes in Computer Science},
	publisher={Springer International Publishing},
}

@inproceedings{guerinietal2011TextVirality,
	author = {{M. Guerini and C. Strapparava and G. Ozbal}},
	title = {{Exploring Text Virality in Social Networks}},
	booktitle = {International AAAI Conference on Web and Social Media},
	year = {2011},
	abstract = {This paper aims to shed some light on the concept of virality - especially in social networks - and to provide new insights on its structure. We argue that: (a) virality is a phenomenon strictly connected to the nature of the content being spread, rather than to the influencers who spread it (b) virality is a phenomenon with many facets, i.e. under this generic term several different effects of persuasive communication are comprised and they only partially overlap. To give ground to our claims, we provide initial experiments in a machine learning framework to show how various aspects of virality can be independently  predicted according to content features.}
}

@incollection{lops2011recommendersystems,
	Author = {Lops, P. and De Gemmis, M. and Semeraro, G.},
	Booktitle = {Recommender systems handbook},
	Pages = {73--105},
	Publisher = {Springer US},
	Title = {{Content-based recommender systems: State of the art and trends}},
	Year = {2011}}

@InProceedings{Ching2013SocialNLP,
  author    = {Zeng, Yi-Ching  and  Wu, Shih-Hung},
  title     = {{Modeling the Helpful Opinion Mining of Online Consumer Reviews as a Classification Problem}},
  booktitle = {Proceedings of the IJCNLP 2013 Workshop on Natural Language Processing for Social Media (SocialNLP)},
  month     = {October},
  year      = {2013},
  address   = {Nagoya, Japan},
  publisher = {Asian Federation of Natural Language Processing},
  pages     = {29--35}
}

@article{Tatar2014PredictPopularity,
	Author = {A. Tatar and M. Dias de Amorim and S. Fdida and P. Antoniadis},
	Doi = {10.1186/s13174-014-0008-y},
	Journal = {Journal of Internet Services and Applications},
	Number = {1},
	Pages = {8:1--8:20},
	Timestamp = {Wed, 20 May 2015 18:29:54 +0200},
	Title = {{A survey on Predicting the Popularity of Web Content}},
	Volume = {5},
	Year = {2014}}
    
@article{Szabo2010PredictPopularity,
 author = {Szabo, G. and Huberman, B. A.},
 title = {{Predicting the Popularity of Online Content}},
 journal = {Commun. ACM},
 issue_date = {August 2010},
 volume = {53},
 number = {8},
 month = aug,
 year = {2010},
 issn = {0001-0782},
 pages = {80--88},
 numpages = {9},
 doi = {10.1145/1787234.1787254},
 acmid = {1787254},
 publisher = {ACM},
 address = {New York, NY, USA},
} 

@inproceedings{Petrovic2011MsgProgagation,
	Author = {{S. Petrovic and M. Osborne and V. Lavrenko}},
	Booktitle = {Proceedings of the Fifth International Conference on Weblogs and Social Media, Barcelona, Catalonia, Spain, July 17-21, 2011},
	Title = {{RT} to Win! Predicting Message Propagation in Twitter}},
	Url = {http://www.aaai.org/ocs/index.php/ICWSM/ICWSM11/paper/view/2754},
    Publisher = {The {AAAI} Press},
	Year = {2011}
}

@inproceedings{Bandarietal2012ForecastingPopularity,
	author = {{R. Bandari and S. Asur and B. Huberman}},
	title = {{The Pulse of News in Social Media: Forecasting Popularity}},
	booktitle = {Proceedings of International AAAI Conference on Web and Social Media},
	year = {2012},
	keywords = {Social Media; Prediction; News Media; Popularity; Information Diffusion},
	abstract = {News articles are extremely time sensitive by nature. There is also intense competition among news items to propagate as widely as possible. Hence, the task of predicting the popularity of news items on the social web is both interesting and challenging. Prior research has dealt with predicting eventual online popularity based on early popularity. It is most desirable, however, to predict the popularity of items prior to their release, fostering the possibility of appropriate decision making to modify an article and the manner of its publication. In this paper, we construct a multi-dimensional feature space derived from properties of an article and evaluate the efficacy of these features to serve as predictors of online popularity. We examine both regression and classification algorithms and demonstrate that despite randomness in human behavior, it is possible to predict ranges of popularity on twitter with an overall 84% accuracy. Our study also serves to illustrate the differences between traditionally prominent sources and those immensely popular on the social web.}
}

@inproceedings{Irani2010TrendStuff,
    author = {{D. Irani and S. Webb and C. Pu}},
    title = {{Study of Trend-stuffing on Twitter through Text Classification}},
    booktitle = {Proceedings of 7th Collaboration, Electronic messaging, Anti-Abuse and Spam Conference (CEAS)},
    year = {2010}
}

@InProceedings{Frain2016SatiricLR,
  author = {{A. Frain and S. Wubben}},
  title = {{SatiricLR: a Language Resource of Satirical News Articles}},
  booktitle = {Proceedings of the Tenth International Conference on Language Resources and Evaluation (LREC 2016)},
  year = {2016},
  month = {may},
  date = {23-28},
  location = {PortoroÅ¾, Slovenia},
  editor = {Nicoletta Calzolari (Conference Chair) and Khalid Choukri and Thierry Declerck and Marko Grobelnik and Bente Maegaard and Joseph Mariani and Asuncion Moreno and Jan Odijk and Stelios Piperidis},
  publisher = {European Language Resources Association (ELRA)},
  address = {Paris, France},
  isbn = {978-2-9517408-9-1},
  language = {english}
 }


@article{Blei2003latentdirichlet,
    author = {{D. M. Blei and A. Y. Ng and M. I. Jordan and J. Lafferty}},
    title = {{Latent Dirichlet Allocation}},
    journal = {Journal of Machine Learning Research},
    year = {2003},
    volume = {3},
    pages = {2003}
}

%############################ Collections ############################

@incollection{Liparas2014NewsClassification,
	author={{D. Liparas, Y. HaCohen-Kerner, A. Moumtzidou, S. Vrochidis and I. Kompatsiaris}},
	title={{News Articles Classification Using Random Forests and Weighted Multimodal Features}},
	booktitle={Multidisciplinary Information Retrieval},
	year={2014},
	pages={63-75},
	volume={8849},
	series={Lecture Notes in Computer Science},
	publisher={Springer International Publishing},
}

@incollection{Joachims1998TC_SVM,
	author={{T. Joachims}},
	title={{Text Categorization with Support Vector Machines: Learning with Many Relevant Features}},
	booktitle={{Machine Learning: European Conference on Machine Learning }},
	year={1998},
	pages={137-142},
	volume={1398},
	series={Lecture Notes in Computer Science},
	publisher={Springer Berlin Heidelberg},
}

@incollection{Deng2002LinearClassification,
	author={{Z. Deng, S. Tang, D. Yang, M. Zhang, X. Wu and M. Yang}},
	title={{A Linear Text Classification Algorithm Based on Category Relevance Factors}},
	booktitle={Digital Libraries: People, Knowledge, and Technology},
	year={2002},
	pages={88-98},
	volume={2555},
	series={Lecture Notes in Computer Science},	
	publisher={Springer Berlin Heidelberg},
}

@incollection{Genc2011ClassifyingTweets,
	author={{Y. Genc, Y. Sakamoto and J. Nickerson}},
	title={{Discovering Context: Classifying Tweets through a Semantic Transform Based on Wikipedia}},
	booktitle={{Foundations of Augmented Cognition. Directing the Future of Adaptive Systems}},
	year={2011},
	pages={484-492},
	volume={6780},
	series={Lecture Notes in Computer Science},
	publisher={Springer Berlin Heidelberg}
}

@incollection{FernandesDSSPredictingPopularity,
	author={{K. Fernandes, P. Vinagre and P. Cortez}},
	title={{A Proactive Intelligent Decision Support System for Predicting the Popularity of Online News}},
	booktitle={{Progress in Artificial Intelligence}},
	year={2015},
	pages={535-546},
	volume={9273},
	series={Lecture Notes in Computer Science},
	publisher={Springer International Publishing},
}

@incollection{Yu2011PopularityMarketingMessages,
	author={{B. Yu, M. Chen and L. Kwok}},
	title={{Toward Predicting Popularity of Social Marketing Messages}},
	booktitle={{Social Computing, Behavioral-Cultural Modeling and Prediction}},
	year={2011},
	pages={317-324},
	volume={6589},
	series={Lecture Notes in Computer Science},
	publisher={Springer Berlin Heidelberg},
}

@incollection{Kinsella2011TopicClassification,
	author={{S. Kinsella, A. Passant and J. Breslin}},
	title={{Topic Classification in Social Media Using Metadata from Hyperlinked Objects}},
	booktitle={Advances in Information Retrieval},
	year={2011},
	pages={201-206},
	volume={6611},
	series={Lecture Notes in Computer Science},
	publisher={Springer Berlin Heidelberg},
}

@incollection{Broda2013Fextor,
	author={{B. Broda, P. Kedzia, M. MarciÅ„czuk, A. Radziszewski, R. Ramocki and A. WardyÅ„ski}},
    title={{Fextor: A Feature Extraction Framework for Natural Language Processing: A Case Study in Word Sense Disambiguation, Relation Recognition and Anaphora Resolution}},
    booktitle={Computational Linguistics},
    year={2013},
    pages={41-62},
    volume={458},
    series={Studies in Computational Intelligence},
    publisher={Springer Berlin Heidelberg},
}

@incollection{Costa2013SemanticTwitter,
  year={2013},
  booktitle={{Adaptive and Natural Computing Algorithms}},
  volume={7824},
  series={Lecture Notes in Computer Science},
  title={{Defining Semantic Meta-hashtags for Twitter Classification}},
  author={{J. Costa, C. Silva, M. Antunes and B. Ribeiro}},
  pages={226-235},
}

@InProceedings{pinto2016NLPPerformance,
  author ={A. Pinto and H. Gon{\c{c}}alo Oliveira and A. Oliveira Alves},
  title ={{Comparing the Performance of Different NLP Toolkits in Formal and Social Media Text}},
  booktitle ={5th Symposium on Languages, Applications and Technologies (SLATE'16)},
  pages ={1--16},
  series ={OpenAccess Series in Informatics (OASIcs)},
  ISBN ={978-3-95977-006-4},
  ISSN ={2190-6807},
  year ={2016},
  volume ={51},
  editor ={Marjan Mernik and Jos{\'e} Paulo Leal and Hugo Gon{\c{c}}alo Oliveira},
  publisher ={Schloss Dagstuhl--Leibniz-Zentrum fuer Informatik},
  address ={Dagstuhl, Germany},
  URL ={http://drops.dagstuhl.de/opus/volltexte/2016/6008},
  URN ={urn:nbn:de:0030-drops-60086},
  doi ={http://dx.doi.org/10.4230/OASIcs.SLATE.2016.3},
  annote ={Keywords: Natural language processing, toolkits, formal text, social media, benchmark}
}

@article{ramshaw1995textchunking,
  title={{Text Chunking using Transformation-Based Learning}},
  author={Ramshaw, Lance A and Marcus, Mitchell P},
  year={1995}
}

@Inbook{Figueira2016RelevanceDetection,
author="Figueira, Alvaro
and Sandim, M.
and Fortuna, P.",
editor="Rocha, {\'A}lvaro
and Correia, Maria Ana
and Adeli, Hojjat
and Reis, Paulo Luis
and Mendon{\c{c}}a Teixeira, Marcelo",
title="An Approach to Relevancy Detection: Contributions to the Automatic Detection of Relevance in Social Networks",
bookTitle="New Advances in Information Systems and Technologies",
year="2016",
publisher="Springer International Publishing",
address="Cham",
pages="89--99",
isbn="978-3-319-31232-3",
doi="10.1007/978-3-319-31232-3_9",
url="http://dx.doi.org/10.1007/978-3-319-31232-3_9"
}






%############################ Thesis ############################

@mastersthesis{Loh2010ShortTextClassification,
	author        = {{B. Sriram}},
	title         = {{Short Text Classification in Twitter to Improve Information Filtering}},
	school        = {{The Ohio State University}},
	address       = {Ohio, United States},
	year          = {2010}
}


%#############Reports#################

@techreport{Liu2004Montylingua,
    author = {{H. Liu}},
    institution = {MIT},
    title = {{{MontyLingua}: An End-To-End Natural
Language Processor with Common Sense.}},
    year = {2004}
}

%###############BLOG POSTS##################

@misc{FacebookCrisis,
    title = {{Facebook is suffering an irrelevance crisis}},
    howpublished = {\url{http://www.marketingmagazine.co.uk/article/1371570/facebook-suffering-irrelevance-crisis}},
    author={{A. Rose}},
    month={November},
    year={2015},
    note = {Accessed: 06.11.2015}
}

@misc{IrrelevantBigData,
    title = {{If 99.99\% of Big Data is Irrelevant, Why Do We Need It? }},
    howpublished = {\url{https://community.lithium.com/t5/Science-of-Social-blog/If-99-99-of-Big-Data-is-Irrelevant-Why-Do-We-Need-It/ba-p/39310}},
    author={{M. Wu}},
    month={February},
    year={2012},
    note = {Accessed: 06.11.2015}
}

@misc{SearchingFiltering,
    title = {{Searching and Filtering Big Data: The 2 Sides of the ``Relevance'' Coin}},
    howpublished = {\url{https://community.lithium.com/t5/Science-of-Social-blog/Searching-and-Filtering-Big-Data-The-2-Sides-of-the-Relevance/ba-p/38074}},
    author={{M. Wu}},
    month={August},
    year={2012},
    note = {Accessed: 06.11.2015}
}

#############	BOOKS ##################
@Inbook{Oshiro2012,
author="Oshiro, T. M. and Perez, P. S. and Baranauskas, J. A.",
editor="Perner, Petra",
title={{How Many Trees in a Random Forest?}},
bookTitle="Machine Learning and Data Mining in Pattern Recognition: 8th International Conference, MLDM 2012, Berlin, Germany, July 13-20, 2012. Proceedings",
year="2012",
publisher="Springer Berlin Heidelberg",
address="Berlin, Heidelberg",
pages="154--168",
isbn="978-3-642-31537-4",
doi="10.1007/978-3-642-31537-4_13",
url="http://dx.doi.org/10.1007/978-3-642-31537-4_13"
}

@book{duda2012pattern,
  title={Pattern classification},
  author={Duda, Richard O and Hart, Peter E and Stork, David G},
  year={2012},
  publisher={John Wiley \& Sons}
}


@book{Gama2015DataMining,
    author    = {{J. Gama, A. Carvalho, K. Faceli, A. Lorena and M. Oliveira}},
    title     = {{ExtracÃ§Ã£o de Conhecimento de Dados - Data Mining}},
    year      = {2013},
    publisher = {SÃ­labo, Lda},
    edition   = {2nd}
}

@book{Costa2008IA,
    author    = {{E. Costa and A. Costa }},
    title     = {{InteligÃªncia Artificial, Fundamentos e AplicaÃ§Ãµes}},
    year      = {2008},
    publisher = {FCA},
    edition   = {3rd}
}

@book{Russel2013SocialWeb,
    author    = {{M. Russel}},
    title     = {{Mining the Social Web}},
    year      = {2013},
    publisher = {O' Reilly},
    edition	  ={{2nd}}
}

@book{Jurafsky2009SLP,
  author 		= {{D. Jurafsky and J. Martin}},
  title 		= {{Speech and Language Processing (2nd Edition)}},
  year 			= {2009},
  publisher 	= {Prentice-Hall, Inc.},
  edition		={{2nd}}
} 



###UNPUBLISHED####
@unpublished{McCallum2002MALLET,
author = {{A. McCallum}},
title = {{MALLET: A Machine Learning for Language Toolkit}},
note = {{\url{http://mallet.cs.umass.edu}}},
year = 2002}
































